<?xml version="1.0" encoding="UTF-8"?>
<record xmlns="http://www.loc.gov/MARC21/slim">
   <leader>01829cam a2200325Ma 4500</leader>
   <controlfield tag="001">2771842</controlfield>
   <controlfield tag="003">NjP</controlfield>
   <controlfield tag="005">20190705144845.0</controlfield>
   <controlfield tag="008">920312s1960    sy            000 0 ara d</controlfield>
   <datafield tag="024" ind1="7" ind2=" ">
      <subfield code="a">princeton_aco004020</subfield>
      <subfield code="2">local</subfield>
   </datafield>
   <datafield ind1=" " ind2=" " tag="035">
      <subfield code="9">CNG8839TS</subfield>
   </datafield>
   <datafield ind1=" " ind2=" " tag="035">
      <subfield code="a">(NjP)2771842</subfield>
   </datafield>
   <datafield ind1=" " ind2=" " tag="040">
      <subfield code="a">HLS</subfield>
      <subfield code="c">PUL</subfield>
      <subfield code="d">PUL</subfield>
   </datafield>
   <datafield ind1=" " ind2=" " tag="049">
      <subfield code="a">PULL</subfield>
   </datafield>
   <datafield ind1=" " ind2=" " tag="035">
      <subfield code="a">(OCoLC)ocm36683879</subfield>
   </datafield>
   <datafield ind1="1" ind2=" " tag="100">
      <subfield code="6">880-01</subfield>
      <subfield code="a">Istānbūlī, Maḥmūd Mahdī.</subfield>
   </datafield>
   <datafield ind1="1" ind2="0" tag="245">
      <subfield code="6">880-02</subfield>
      <subfield code="a">Dīn al-ghad :</subfield>
      <subfield code="b">Muʻjizāt al-Qurʼān al-karīm fī al-ʻilm wa-al-siyāsah wa-al-ijtimāʻ bi-al-lughatayn al-ʻArabīyah wa-al-Inkilīzīyah /</subfield>
      <subfield code="c">taʼlīf Maḥmūd Mahdī al-Istānbūlī.</subfield>
   </datafield>
   <datafield ind1="1" ind2="5" tag="246">
      <subfield code="a">Future religion of humanity</subfield>
   </datafield>
   <datafield ind1="3" ind2=" " tag="246">
      <subfield code="6">880-03</subfield>
      <subfield code="a">Muʻjizāt al-Qurʼān al-karīm fī al-ʻilm wa-al-siyāsah wa-al-ijtimāʻ bi-al-lughatayn al-ʻArabīyah wa-al-Inkilīzīyah</subfield>
   </datafield>
   <datafield ind1=" " ind2=" " tag="260">
      <subfield code="6">880-04</subfield>
      <subfield code="a">Dimashq :</subfield>
      <subfield code="b">Maṭbūʻāt al-Tamaddun al-Islāmī,</subfield>
      <subfield code="c">1960.</subfield>
   </datafield>
   <datafield ind1=" " ind2=" " tag="300">
      <subfield code="a">77 p. ;</subfield>
      <subfield code="c">25 cm.</subfield>
   </datafield>
   <datafield ind1=" " ind2="0" tag="650">
      <subfield code="a">Islam</subfield>
      <subfield code="x">Appreciation.</subfield>
      <subfield code="0">http://id.loc.gov/authorities/subjects/sh85068394</subfield>
   </datafield>
   <datafield ind1="1" ind2="2" tag="700">
      <subfield code="a">Istānbūlī, Maḥmūd Mahdī.</subfield>
      <subfield code="t">Future religion of humanity.</subfield>
      <subfield code="f">1960.</subfield>
   </datafield>
   <datafield ind1="1" ind2=" " tag="880">
      <subfield code="6">100-01/r</subfield>
      <subfield code="a">استانبولي، محمود مهدي.</subfield>
   </datafield>
   <datafield ind1="1" ind2="0" tag="880">
      <subfield code="6">245-02/r</subfield>
      <subfield code="a">دين الغد :</subfield>
      <subfield code="b">معجزات القرآن الكريم في العلم والسياسة والاجتماع باللغتين العربية والانكليزية /</subfield>
      <subfield code="c">تأليف محمود مهدي الاستانبولي.</subfield>
   </datafield>
   <datafield ind1="3" ind2=" " tag="880">
      <subfield code="6">246-03/r</subfield>
      <subfield code="a">معجزات القرآن الكريم في العلم والسياسة والاجتماع باللغتين العربية والانكليزية</subfield>
   </datafield>
   <datafield ind1=" " ind2=" " tag="880">
      <subfield code="6">260-04/r</subfield>
      <subfield code="a">دمشق :</subfield>
      <subfield code="b">مطبوعات التمدن الاسلامي،</subfield>
      <subfield code="c">1960.</subfield>
   </datafield>
   <datafield ind1=" " ind2=" " tag="911">
      <subfield code="a">20000130</subfield>
   </datafield>
   <datafield ind1=" " ind2=" " tag="994">
      <subfield code="a">C0</subfield>
      <subfield code="b">PUL</subfield>
   </datafield>
   <datafield ind1=" " ind2=" " tag="999">
      <subfield code="a">2771842</subfield>
   </datafield>
   <datafield ind1=" " ind2=" " tag="979">
      <subfield code="a">(OCoLC)ocn178459186</subfield>
   </datafield>
   <datafield ind1="0" ind2="0" tag="852">
      <subfield code="0">3082690</subfield>
      <subfield code="b">rcppa</subfield>
      <subfield code="t">1</subfield>
      <subfield code="h">BP163</subfield>
      <subfield code="i">.I883 1960</subfield>
      <subfield code="x">tr fr nec</subfield>
   </datafield>
   <datafield ind1=" " ind2=" " tag="959">
      <subfield code="a">2009-06-30 13:29:23 -0400</subfield>
   </datafield>
</record>
